@book{cormen2009introduction,
  title={Introduction to Algorithms},
  author={Cormen, T.H. and Leiserson, C.E. and Rivest, R.L. and Stein, C.},
  isbn={9780262258104},
  year={2009},
  publisher={MIT Press}
}

@incollection{2010_selinger_survey,
  title={A survey of graphical languages for monoidal categories},
  author={Selinger, Peter},
  booktitle={New structures for physics},
  pages={289--355},
  year={2010},
  publisher={Springer}
}

@inproceedings{gibbons_folds,
    author = {Gibbons, Jeremy and Wu, Nicolas},
    title = {Folding Domain-Specific Languages: Deep and Shallow Embeddings (Functional Pearl)},
    year = {2014},
    publisher = {ACM},
    url = {https://doi.org/10.1145/2628136.2628138},
    booktitle = {Proceedings of the 19th ACM SIGPLAN International Conference on Functional Programming},
    pages = {339–347},
    numpages = {9}
}

@inproceedings{mokhov_alga,
    author = {Mokhov, Andrey},
    title = {Algebraic Graphs with Class (Functional Pearl)},
    year = {2017},
    publisher = {ACM},
    url = {https://doi.org/10.1145/3122955.3122956},
    booktitle = {Proceedings of the 10th ACM SIGPLAN International Symposium on Haskell},
    pages = {2–13},
    numpages = {12}
}

@book{1999_semirings_golan,
  title={Semirings and their Applications},
  author={Golan, Jonathan S},
  year={1999},
  publisher={Springer Science \& Business Media}
}

@phdthesis{2007_norell_agda,
  title={Towards a practical programming language based on dependent type theory},
  author={Norell, Ulf},
  year={2007},
  school={Chalmers University of Technology}
}

@article{friedman_simplicial_sets,
author = {Greg Friedman},
title = {{Survey Article: An elementary illustrated introduction to simplicial sets}},
volume = {42},
journal = {Rocky Mountain Journal of Mathematics},
number = {2},
publisher = {Rocky Mountain Mathematics Consortium},
pages = {353 -- 423},
year = {2012},
URL = {https://doi.org/10.1216/RMJ-2012-42-2-353}
}

@article{spivak_network_models,
  author    = {David I. Spivak},
  title     = {Higher-dimensional models of networks},
  journal   = {CoRR},
  volume    = {abs/0909.4314},
  year      = {2009},
  url       = {http://arxiv.org/abs/0909.4314},
  eprinttype = {arXiv},
  eprint    = {0909.4314},
}

@INPROCEEDINGS{weiner_suffix_trees,
  author={Weiner, Peter},
  booktitle={14th Annual Symposium on Switching and Automata Theory},
  title={Linear pattern matching algorithms},
  year={1973},
  pages={1-11},
}

@book{hopcroft_ullman,
  title={Introduction to Automata Theory, Languages, and Computation},
  author={Hopcroft, John E and Ullman, Jeffrey D},
  year={1979},
  publisher={Addison-Wesley}
}

@techreport{kleene1951representation,
  title={Representation of Events in Nerve Nets and Finite Automata},
  author={Stephen Cole Kleene},
  year={1951},
  institution={RAND PROJECT AIR FORCE SANTA MONICA CA}
}

@inproceedings{applicativedo,
author = {Marlow, Simon and Peyton Jones, Simon and Kmett, Edward and Mokhov, Andrey},
title = {Desugaring Haskell's Do-Notation into Applicative Operations},
year = {2016},
publisher = {ACM},
booktitle = {Proceedings of the 9th International Symposium on Haskell},
pages = {92–104},
numpages = {13}
}

@article{beaumont2017concepts,
  title={High-level asynchronous concepts at the interface between analog and digital worlds},
  author={Beaumont, Jonathan and Mokhov, Andrey and Sokolov, Danil and Yakovlev, Alex},
  journal={IEEE Transactions on Computer-Aided Design of Integrated Circuits and Systems},
  volume={37},
  number={1},
  pages={61--74},
  year={2017},
  publisher={IEEE}
}

@inproceedings{2013_semirings_dolan,
  title={Fun with semirings: a functional pearl on the abuse of linear algebra},
  author={Dolan, Stephen},
  booktitle={ACM SIGPLAN Notices},
  volume={48},
  number={9},
  pages={101--110},
  year={2013},
  organization={ACM}
}

@article{semantic_paper,
  title={Static Analysis at GitHub},
  author={Timothy Clem and Patrick Thomson},
  journal={ACM Queue},
  volume={19},
  number={4},
  year={2021}
}

@unpublished{semantic_repo,
  title = {Semantic project},
  author = {{GitHub}},
  year = {2019},
  note = {\url{https://github.com/github/semantic}}
}

@article{weighted_search,
  author = {Kidney, Donnacha Oisin and Wu, Nicolas},
  title = {Algebras for Weighted Search},
  year = {2021},
  publisher = {ACM},
  volume = {5},
  number = {ICFP},
  url = {https://doi.org/10.1145/3473577},
  journal = {Proc. ACM Program. Lang.},
  articleno = {72},
  numpages = {30},
}

@inproceedings{1995_gibbons_algebra,
  title={An initial-algebra approach to directed acyclic graphs},
  author={Gibbons, Jeremy},
  booktitle={International Conference on Mathematics of Program Construction},
  pages={282--303},
  year={1995},
  organization={Springer}
}

@inproceedings{typed_matrices,
  author = {Santos, Armando and Oliveira, Jos\'{e} N.},
  title = {Type Your Matrices for Great Good: A Haskell Library of Typed Matrices and Applications (Functional Pearl)},
  year = {2020},
  publisher = {ACM},
  booktitle = {Proceedings of the 13th ACM SIGPLAN International Symposium on Haskell},
  pages = {54–66},
  numpages = {13}
}

@article{hoare2011concurrent,
  title={Concurrent Kleene algebra and its foundations},
  author={Hoare, Tony and M{\"o}ller, Bernhard and Struth, Georg and Wehrman, Ian},
  journal={The Journal of Logic and Algebraic Programming},
  volume={80},
  number={6},
  pages={266--296},
  year={2011},
  publisher={Elsevier}
}

@article{porst_bimonoids,
  author = {Hans-E. Porst},
  title = {On Categories of Monoids, Comonoids, and Bimonoids},
  journal = {Quaestiones Mathematicae},
  volume = {31},
  number = {2},
  pages = {127-139},
  year  = {2008},
  publisher = {Taylor & Francis},
}


@inproceedings{1994_launchbury_st,
  title={Lazy functional state threads},
  author={Launchbury, John and Peyton Jones, Simon L},
  booktitle={ACM SIGPLAN Notices},
  volume={29},
  number={6},
  pages={24--35},
  year={1994},
  organization={ACM}
}

@inproceedings{1995_king_graphs,
  title={Structuring depth-first search algorithms in Haskell},
  author={King, David J and Launchbury, John},
  booktitle={Proceedings of the 22nd ACM SIGPLAN-SIGACT symposium on Principles of programming languages},
  pages={344--354},
  year={1995},
  organization={ACM}
}

@article{2001_erwig_inductive,
  title={Inductive graphs and functional graph algorithms},
  author={Erwig, Martin},
  journal={Journal of Functional Programming},
  volume={11},
  number={05},
  pages={467--492},
  year={2001},
  publisher={Cambridge Univ Press}
}

@article{rivas_jaskelioff_2017,
  title={Notions of computation as monoids},
  volume={27},
  journal={Journal of Functional Programming},
  publisher={Cambridge University Press},
  author={Rivas, Exequiel and Jaskelioff, Mauro},
  year={2017},
  pages={e21}
}

@article{rosenblum1989look,
  title={A look at concurrency semantics through "lattice glasses"},
  author={Rosenblum, Leonid and Yakovlev, Alexandre and Yakovlev, Vladimir},
  journal={Bulletin of the EATCS},
  volume={37},
  pages={175--180},
  year={1989}
}

@unpublished{alga_agda,
    title = {{Implementation of algebraic graphs in Agda}},
    author = {Andrey Mokhov and Arseniy Alekseyev and Anton Lorenzen and Alexandre Moine},
    year = {2017},
    note = {\url{https://github.com/algebraic-graphs/agda}}
}

@unpublished{alga_fsharp,
    title = {{Implementation of algebraic graphs in F\#}},
    author = {Nicholas Cowle},
    year = {2017},
    note = {\url{https://github.com/algebraic-graphs/fsharp}}
}

@unpublished{alga_haskell,
    title = {{Implementation of algebraic graphs in Haskell}},
    author = {Andrey Mokhov},
    year = {2016},
    note = {\url{https://github.com/snowleopard/alga}}
}

@unpublished{alga_kotlin,
    title = {{Implementation of algebraic graphs in Kotlin}},
    author = {Alexandre Piveteau},
    year = {2018},
    note = {\url{https://github.com/alexandrepiveteau/algebraic-graphs-kotlin}}
}

@unpublished{alga_purescript,
    title = {{Implementation of algebraic graphs in PureScript}},
    author = {Thomas Honeyman},
    year = {2019},
    note = {\url{https://github.com/thomashoneyman/purescript-alga}}
}

@unpublished{alga_scala,
    title = {{Implementation of algebraic graphs in Scala}},
    author = {Andrey Mokhov and Ivan Poliakov},
    year = {2017},
    note = {\url{https://github.com/algebraic-graphs/scala}}
}

@unpublished{alga_typescript,
    title = {{Implementation of algebraic graphs in TypeScript}},
    author = {Yuriy Bogomolov},
    year = {2020},
    note = {\url{https://github.com/algebraic-graphs/typescript}}
}

@unpublished{alga_r,
    title = {{Implementation of algebraic graphs in R}},
    author = {Ian Moran},
    year = {2021},
    note = {\url{https://github.com/algebraic-graphs/R}}
}

@unpublished{united_monoids_blog,
    title = {{United Monoids}},
    author = {Andrey Mokhov},
    year = {2018},
    note = {\url{https://blogs.ncl.ac.uk/andreymokhov/united-monoids/}}
}

@article{mohri2002semiring,
  title={Semiring frameworks and algorithms for shortest-distance problems},
  author={Mehryar Mohri},
  journal={Journal of Automata, Languages and Combinatorics},
  volume={7},
  number={3},
  pages={321--350},
  year={2002}
}

@phdthesis{mokhov2009cpog,
  title={Conditional partial order graphs},
  author={Mokhov, Andrey},
  year={2009},
  school={Newcastle University}
}
